@ARTICLE{RamPac20,
author={J. N. {Ramos-Silva} and A. {Pacheco-Sanchez} and L. M. {Diaz-Albarran} and L. M. {Rodriguez-Mendez} and M. A. {Enciso-Aguilar} and M. {Schroter} and E. {Ramirez-Garcia}},
journal={IEEE Transactions on Nanotechnology},
title={High-frequency performance study of CNTFET-based amplifiers},
year={2020},
volume={},
number={},
pages={1-1},
keywords={CNTFETs;Gain;Integrated circuit modeling;Radio frequency;Electron tubes;Performance evaluation;Data models;CNTFET;RF amplifier;compact model;linearity;LNA;gain amplifier},
doi={10.1109/TNANO.2020.2978816},
ISSN={1941-0085},
}